@web_page{mlit2022landslide,
   title   = {令和3年の土砂災害},
   author  = {国土交通省},
   year    = {2022},
   order   = {2},
   url     = {https://www.mlit.go.jp/river/sabo/jirei/r3dosha/r3doshasaigai.pdf},
   urldate = {2023.1.17},
   yomi    = {こくどこうつうしょう},
}
@web_page{mlit2022water,
   title   = {令和4年版 日本の水資源の現況 第1章 水の循環と水資源の賦存状況},
   author  = {国土交通省},
   year    = {2022},
   order   = {1},
   url     = {https://www.mlit.go.jp/mizukokudo/mizsei/content/001521357.pdf},
   urldate = {2023.1.17},
   yomi    = {こくどこうつうしょう},
}
@web_page{Hirose2014,
   title   = {全海域における台風の統計解析},
   author  = {駿 廣瀬},
   year    = {2014},
   url     = {http://www.fudeyasu.ynu.ac.jp/member/thesis/2013-hiroses/hirose2014.html},
   urldate = {2023.1.17},
   yomi    = {ひろせ, しゅん},
}
@web_page{gbrc2019,
   title   = {土の含水比試験},
   author  = {日本建築総合試験所},
   year    = {2019},
   url     = {https://www.gbrc.or.jp/assets/test_series/documents/so_02.pdf},
   urldate = {2023.1.17},
   yomi    = {にほんけんちくそうごうしけんじょ},
}
@web_page{maff2015,
   title   = {土地改良事業設計指針「ため池整備」（案） 参考資料},
   author  = {農林水産省},
   year    = {2015},
   url     = {https://www.maff.go.jp/j/council/seisaku/nousin/gizyutu/h26_4/pdf/siryou4_2.pdf},
   urldate = {2023.1.17},
   yomi    = {のうりんすいさんしょう},
}
@web_page{mlit2016,
   title   = {大規模災害時における市町村対応の現状と課題},
   author  = {国土交通省},
   year    = {2016},
   url     = {https://www.mlit.go.jp/river/shinngikai_blog/shityosonshien/dai01kai/pdf/2_genjotokadai.pdf},
   urldate = {2023.1.17},
   yomi    = {こくどこうつうしょう},
}
@web_page{cao2014main1-1-4-3,
   title   = {平成26年度版 防災白書 第1部 第1章 第4節 4-3 大規模土砂災害対策},
   author  = {内閣府},
   year    = {2014},
   order   = {2},
   pages   = {112-115},
   url     = {https://www.bousai.go.jp/kaigirep/hakusho/pdf/H26_honbun_1-3bu.pdf},
   urldate = {2023.1.17},
   yomi    = {ないかくふ},
}
@web_page{cao2014additional,
   title   = {平成26年度版 防災白書 附属資料},
   author  = {内閣府},
   year    = {2014},
   order   = {1},
   url     = {https://www.bousai.go.jp/kaigirep/hakusho/pdf/H26_fuzokushiryou.pdf},
   urldate = {2023.1.17},
   yomi    = {ないかくふ},
}
@web_page{mlit2021,
   title   = {平成30年の土砂災害},
   author  = {国土交通省},
   year    = {2021},
   url     = {https://www.mlit.go.jp/river/sabo/jirei/h30dosha/h30doshasai.pdf},
   urldate = {2023.1.17},
   yomi    = {こくどこうつうしょう},
}
